<record><leader>00000cas a2200000 a 4500</leader><controlfield tag="001">18611657</controlfield><controlfield tag="008">881014d18661868iluwn ne      0   a0eng c</controlfield><datafield ind1=" " ind2=" " tag="010"><subfield code="a">sn 88061257 </subfield></datafield><datafield ind1=" " ind2=" " tag="040"><subfield code="a">KNP</subfield><subfield code="b">eng</subfield><subfield code="c">KNP</subfield><subfield code="d">NVF</subfield><subfield code="d">KNP</subfield><subfield code="d">NVF</subfield><subfield code="d">OCLCQ</subfield><subfield code="d">OCLCF</subfield><subfield code="d">NVF</subfield><subfield code="d">OCLCO</subfield><subfield code="d">OCL</subfield></datafield><datafield ind1=" " ind2=" " tag="042"><subfield code="a">pcc</subfield></datafield><datafield ind1=" " ind2=" " tag="043"><subfield code="a">n-us-il</subfield></datafield><datafield ind1="0" ind2="4" tag="245"><subfield code="a">The Union and gazette.</subfield></datafield><datafield ind1="1" ind2=" " tag="246"><subfield code="i">Publisher's box:</subfield><subfield code="a">Union &amp; gazette</subfield></datafield><datafield ind1=" " ind2=" " tag="260"><subfield code="a">Urbana, Ill. :</subfield><subfield code="b">G.W. Flynn [and] G.N. Richards,</subfield><subfield code="c">1866-1868.</subfield></datafield><datafield ind1="2" ind2=" " tag="260"><subfield code="3">Nov. 16, 1866-Feb. 19, 1868</subfield><subfield code="a">Champaign, Ill. :</subfield><subfield code="b">G.W. Flynn</subfield></datafield><datafield ind1="3" ind2=" " tag="260"><subfield code="3">Sept. 14, 1866-&lt;Nov. 13, 1867&gt;</subfield><subfield code="a">Urbana, Ill. ;</subfield><subfield code="a">Champaign, Ill. :</subfield><subfield code="b">G.W. Flynn</subfield></datafield><datafield ind1=" " ind2=" " tag="300"><subfield code="a">v. :</subfield><subfield code="b">ill.</subfield></datafield><datafield ind1=" " ind2=" " tag="310"><subfield code="a">Weekly (except week of Labor Day and New Year),</subfield><subfield code="b">Apr. 20, 1866-Feb. 19, 1868</subfield></datafield><datafield ind1=" " ind2=" " tag="321"><subfield code="a">Weekly,</subfield><subfield code="b">Apr. 13, 1866</subfield></datafield><datafield ind1="0" ind2=" " tag="362"><subfield code="a">Vol. 15, no. 22 (Apr. 13, 1866)-v. 17, no. 14 (Feb. 19, 1868).</subfield></datafield><datafield ind1=" " ind2=" " tag="500"><subfield code="a">Publisher: G.W. Flynn, Sept. 14, 1866-&lt;Nov. 13, 1867&gt;.</subfield></datafield><datafield ind1=" " ind2=" " tag="500"><subfield code="a">"The official paper of Champaign Co."</subfield></datafield><datafield ind1=" " ind2=" " tag="515"><subfield code="a">Vol. 16, no. 18 (Mar. 22, 1867) erroneously dated as Mar. 21, 1867.</subfield></datafield><datafield ind1=" " ind2="0" tag="651"><subfield code="a">Champaign (Ill.)</subfield><subfield code="v">Newspapers.</subfield></datafield><datafield ind1=" " ind2="0" tag="651"><subfield code="a">Urbana (Ill.)</subfield><subfield code="v">Newspapers.</subfield></datafield><datafield ind1=" " ind2="0" tag="651"><subfield code="a">Champaign County (Ill.)</subfield><subfield code="v">Newspapers.</subfield></datafield><datafield ind1=" " ind2="7" tag="651"><subfield code="a">Illinois</subfield><subfield code="z">Champaign County</subfield><subfield code="2">fast</subfield><subfield code="0">(OCoLC)fst01208069</subfield></datafield><datafield ind1=" " ind2="7" tag="651"><subfield code="a">Illinois</subfield><subfield code="z">Champaign.</subfield><subfield code="2">fast</subfield><subfield code="0">(OCoLC)fst01207150</subfield></datafield><datafield ind1=" " ind2="7" tag="651"><subfield code="a">Illinois</subfield><subfield code="z">Urbana.</subfield><subfield code="2">fast</subfield><subfield code="0">(OCoLC)fst01211927</subfield></datafield><datafield ind1=" " ind2="7" tag="655"><subfield code="a">Newspapers.</subfield><subfield code="2">fast</subfield><subfield code="0">(OCoLC)fst01423814</subfield></datafield><datafield ind1=" " ind2=" " tag="752"><subfield code="a">United States</subfield><subfield code="b">Illinois</subfield><subfield code="c">Champaign</subfield><subfield code="d">Champaign.</subfield></datafield><datafield ind1=" " ind2=" " tag="752"><subfield code="a">United States</subfield><subfield code="b">Illinois</subfield><subfield code="c">Champaign</subfield><subfield code="d">Urbana.</subfield></datafield><datafield ind1="0" ind2="0" tag="780"><subfield code="t">Central Illinois gazette (Champaign, Ill. : 1864)</subfield><subfield code="w">(DLC)sn 88061256</subfield><subfield code="w">(OCoLC)18611546</subfield></datafield><datafield ind1="0" ind2="0" tag="785"><subfield code="t">Gazette and union</subfield><subfield code="w">(DLC)sn 88061258</subfield><subfield code="w">(OCoLC)18611746</subfield></datafield><datafield ind1="1" ind2=" " tag="029"><subfield code="a">AU@</subfield><subfield code="b">000020660118</subfield></datafield></record>